<record xmlns="http://www.loc.gov/MARC21/slim" xmlns:xsi="http://www.w3.org/2001/XMLSchema-instance" xsi:schemaLocation="http://www.loc.gov/MARC21/slim http://www.loc.gov/standards/marcxml/schema/MARC21slim.xsd"><leader>     nam a22        4500</leader><controlfield tag="001">001701054</controlfield><controlfield tag="003">NNU</controlfield><controlfield tag="006">m        d        </controlfield><controlfield tag="007">cr cn |||m|||a</controlfield><controlfield tag="008">150313s1894    ua      o     000 0 ara d</controlfield><datafield ind1=" " ind2=" " tag="040"><subfield code="a">NNU</subfield><subfield code="b">eng</subfield><subfield code="c">NNU</subfield></datafield><datafield ind1="1" ind2=" " tag="100"><subfield code="a">Shuqayr, Na&#699;&#699;&#363;m,</subfield><subfield code="d">1863-1922.</subfield></datafield><datafield ind1="1" ind2="0" tag="245"><subfield code="a">Amth&#257;l al-&#699;aw&#257;mm f&#299; Mi&#7779;r wa-al-S&#363;d&#257;n wa-al-Sh&#257;m</subfield><subfield code="h">[electronic resource] /</subfield><subfield code="c">li-mu&#700;allifih Na&#699;&#699;&#363;m Shuqayr.</subfield></datafield><datafield ind1=" " ind2=" " tag="260"><subfield code="a">al-Fajj&#257;lah, Mi&#7779;r :</subfield><subfield code="b">Ma&#7789;ba&#699;at al-Ma&#699;&#257;rif,</subfield><subfield code="c">[1894?]</subfield></datafield><datafield ind1=" " ind2=" " tag="300"><subfield code="a">online resource (138 p.)</subfield></datafield><datafield ind1=" " ind2=" " tag="500"><subfield code="a">In Arabic.</subfield></datafield><datafield ind1=" " ind2=" " tag="500"><subfield code="a">"Min kit&#257;b "Mir&#700;&#257;t al-ayy&#257;m f&#299; Mi&#7779;r wa-al-S&#363;d&#257;n wa-al-Sh&#257;m"..." -- T.p.</subfield></datafield><datafield ind1=" " ind2=" " tag="500"><subfield code="a">Part of the Arabic Collections Online (ACO) project, contributed by New York Univeristy Libraries.</subfield></datafield><datafield ind1=" " ind2=" " tag="533"><subfield code="a">Electronic reproduction.</subfield><subfield code="b">New York, N.Y. :</subfield><subfield code="c">New York University,</subfield><subfield code="d">2015.</subfield><subfield code="5">NNU</subfield></datafield><datafield ind1=" " ind2="0" tag="650"><subfield code="a">Proverbs, Arabic.</subfield></datafield><datafield ind1="2" ind2=" " tag="710"><subfield code="a">New York University.</subfield><subfield code="b">Libraries.</subfield></datafield><datafield ind1="0" ind2=" " tag="730"><subfield code="a">Arabic Collections Online.</subfield></datafield><datafield ind1="0" ind2="8" tag="776"><subfield code="i">Print version:</subfield><subfield code="a">Shuqayr, Na&#699;&#699;&#363;m, 1863-1922.</subfield><subfield code="t">Amth&#257;l al-&#699;aw&#257;mm f&#299; Mi&#7779;r wa-al-S&#363;d&#257;n wa-al-Sh&#257;m</subfield><subfield code="w">(NNU)001701054</subfield></datafield><datafield ind1="4" ind2="0" tag="856"><subfield code="u">http://hdl.handle.net/2333.1/fxpnw0dc</subfield></datafield><datafield ind1=" " ind2=" " tag="959"><subfield code="a">NNU</subfield><subfield code="b">WEB</subfield><subfield code="c">GENI</subfield><subfield code="t">0</subfield><subfield code="m">Electronic access</subfield><subfield code="s">01</subfield></datafield><datafield ind1=" " ind2=" " tag="999"><subfield code="i">NNU_001701054</subfield><subfield code="s">nyu_aco000608</subfield><subfield code="e">(ERROR-880)</subfield></datafield></record>